
@article{qlearning_first,
	author = {Mnih, Volodymyr and Kavukcuoglu, Koray and Silver, David and Graves, Alex and Antonoglou, Ioannis and Wierstra, Daan and Riedmiller, Martin},
	year = {2013},
	month = {12},
	pages = {},
	title = {Playing Atari with Deep Reinforcement Learning}
}

@inproceedings{Deep_Reinforcement_Learning_An_Overview,
	author = {Mousavi, Sajad and Schukat, Michael and Howley, Enda},
	year = {2018},
	month = {06},
	pages = {426-440},
	title = {Deep Reinforcement Learning: An Overview},
	isbn = {978-3-319-56990-1},
	journal = {Lecture Notes in Networks and Systems},
	doi = {10.1007/978-3-319-56991-8_32}
}

@inproceedings{Linear_Q_Learning,
	author = {Zheng, Yu and Luo, Siwei and Lv, Ziang},
	year = {2006},
	month = {01},
	pages = {639 - 642},
	title = {Control Double Inverted Pendulum by Reinforcement Learning with Double CMAC Network},
	volume = {4},
	journal = {Proceedings - International Conference on Pattern Recognition},
	doi = {10.1109/ICPR.2006.416}
}

@article{Correct_Equations,
	author = {Florian, Răzvan},
	year = {2005},
	month = {08},
	pages = {},
	title = {Correct equations for the dynamics of the cart-pole system}
}

@article{Double_Pendulum_Equations,
	author = {Neusser, Zdeněk and Valasek, Michael},
	year = {2013},
	month = {12},
	pages = {},
	title = {Control of the double inverted pendulum on a cart using the natural motion},
	volume = {53},
	journal = {Acta Polytechnica},
	doi = {10.14311/AP.2013.53.0883}
}



% Some general examples of bibliography entries
@book{Hellerstein2004,
	author = {Hellerstein, Joseph L. and Diao, Yixin and Parekh, Sujay and Tilbury, Dawn M.},
	title = {Feedback Control of Computing Systems},
	year = {2004},
	isbn = {047126637X},
	publisher = {John Wiley \& Sons},
} 

@inproceedings{Yun2015,
	author = {Yun, Se-Young and Proutiere, Alexandre},
	title = {Distributed Proportional Fair Load Balancing in Heterogenous Systems},
	booktitle = {Proceedings of the 2015 ACM SIGMETRICS International Conference on Measurement and Modeling of Computer Systems},
	series = {SIGMETRICS '15},
	year = {2015},
	isbn = {978-1-4503-3486-0},
	location = {Portland, Oregon, USA},
	pages = {17--30},
	numpages = {14},
	doi = {10.1145/2745844.2745861},
	acmid = {2745861},
	publisher = {ACM},
	address = {New York, NY, USA},
	keywords = {distributed scheduling, game theory, load balancing, stability},
}

@article{openclosed2,
	author = {Alomari, Firas and Menasce, Daniel A.},
	title = {Efficient Response Time Approximations for Multiclass Fork and Join Queues in Open and Closed Queuing Networks},
	journal = {IEEE Trans. Parallel Distrib. Syst.},
	issue_date = {June 2014},
	volume = {25},
	number = {6},
	month = jun,
	year = {2014},
	issn = {1045-9219},
	pages = {1437--1446},
	numpages = {10},
	doi = {10.1109/TPDS.2013.70},
	acmid = {2707624},
	publisher = {IEEE Press},
	address = {Piscataway, NJ, USA},
}

% Useful latex references
@article{IEEETranLatex,
	author = {Michael Shell},
	title = {How to Use the IEEEtran \LaTeX\ Class},
	journaltitle = {Journal of \LaTeX\ Class Files},
	date = {August 2015},
	volume = {14},
	number = {8},
}
	
@online{latexwiki,
	title = {General \LaTeX\ Guide},
	urldate = {2017-10-29},
	url = {https://en.wikibooks.org/wiki/LaTeX},
}

@online{mathslatexwiki,
	title = {\LaTeX\ Guide for Maths},
	urldate = {2017-10-29},
	url = {https://en.wikibooks.org/wiki/LaTeX/Mathematics},
}

@online{tablelatexwiki,
	title = {\LaTeX\ Guide for Tables},
	urldate = {2017-10-29},
	url = {https://en.wikibooks.org/wiki/LaTeX/Tables},
}
